[gd_scene load_steps=9 format=2]

[ext_resource path="res://assets/image/resume.jpg" type="Texture" id=1]
[ext_resource path="res://assets/font/numberFOnt.TTF" type="DynamicFontData" id=2]
[ext_resource path="res://assets/script/hubControl.gd" type="Script" id=3]
[ext_resource path="res://assets/image/gameover.png" type="Texture" id=4]
[ext_resource path="res://assets/image/playButton.png" type="Texture" id=5]
[ext_resource path="res://assets/sceneObject/flashEffect.tscn" type="PackedScene" id=7]

[sub_resource type="DynamicFont" id=2]
size = 28
outline_size = 2
outline_color = Color( 0, 0, 0, 1 )
extra_spacing_char = 3
font_data = ExtResource( 2 )

[sub_resource type="DynamicFont" id=3]
size = 20
outline_size = 2
outline_color = Color( 0, 0, 0, 1 )
extra_spacing_char = 2
font_data = ExtResource( 2 )

[node name="CanvasLayer" type="CanvasLayer"]

[node name="Control" type="Control" parent="."]
pause_mode = 2
anchor_right = 1.0
anchor_bottom = 1.0
script = ExtResource( 3 )

[node name="pause" type="Button" parent="Control"]
visible = false
anchor_left = 0.028
anchor_top = 0.016
anchor_right = 0.115
anchor_bottom = 0.059
margin_left = -0.0640001
margin_top = -0.192
margin_right = -0.119999
margin_bottom = -0.208002
focus_mode = 0
enabled_focus_mode = 0
icon = ExtResource( 1 )
flat = true
__meta__ = {
"_edit_use_anchors_": false
}

[node name="gameOver" type="TextureRect" parent="Control"]
visible = false
anchor_top = 0.109
anchor_right = 1.0
anchor_bottom = 0.191
margin_top = 0.191998
margin_bottom = 0.207993
texture = ExtResource( 4 )
stretch_mode = 4
__meta__ = {
"_edit_use_anchors_": false
}

[node name="pauseResume" type="Button" parent="Control"]
visible = false
anchor_left = 0.389
anchor_top = 0.437
anchor_right = 0.611
anchor_bottom = 0.506
margin_left = -0.0320053
margin_top = 0.255997
margin_right = 0.0319977
margin_bottom = -0.0720215
focus_mode = 0
enabled_focus_mode = 0
icon = ExtResource( 5 )
flat = true
__meta__ = {
"_edit_use_anchors_": false
}

[node name="retry" type="Button" parent="Control"]
visible = false
anchor_left = 0.389
anchor_top = 0.437
anchor_right = 0.611
anchor_bottom = 0.506
margin_left = -0.0320053
margin_top = 0.255997
margin_right = 0.0319977
margin_bottom = -0.0720215
focus_mode = 0
enabled_focus_mode = 0
icon = ExtResource( 5 )
flat = true
__meta__ = {
"_edit_use_anchors_": false
}

[node name="scoreWrite" type="Label" parent="Control"]
visible = false
anchor_top = 0.023
anchor_right = 1.0
anchor_bottom = 0.086
margin_top = 0.223997
margin_bottom = -0.0320015
custom_fonts/font = SubResource( 2 )
text = "0"
align = 1
valign = 1
autowrap = true
uppercase = true
__meta__ = {
"_edit_use_anchors_": false
}

[node name="scoreHigh" type="Label" parent="Control"]
anchor_top = 0.029
anchor_right = 1.0
anchor_bottom = 0.123
margin_top = 0.151999
margin_bottom = 0.0239944
custom_fonts/font = SubResource( 3 )
text = "High Score
123456789"
align = 1
valign = 1
uppercase = true
__meta__ = {
"_edit_use_anchors_": false
}

[node name="flash" parent="." instance=ExtResource( 7 )]
position = Vector2( 144, 256 )

[connection signal="button_up" from="Control/pause" to="Control" method="_on_pause_button_up"]
[connection signal="button_up" from="Control/pauseResume" to="Control" method="_on_pauseResume_button_up"]
[connection signal="button_up" from="Control/retry" to="Control" method="_on_retry_button_up"]
